%% This BibTeX bibliography file was created using BibDesk.
%% http://bibdesk.sourceforge.net/


%% Created for wesley at 2014-12-07 20:03:42 -0600 


%% Saved with string encoding Unicode (UTF-8) 



@article{Besag-York-Mollie-1991,
	Author = {Julian Besag and Jeremy York and Annie Mollie},
	Date-Added = {2014-12-08 02:02:30 +0000},
	Date-Modified = {2014-12-08 02:03:42 +0000},
	Journal = {Annals of the Institute of Statistical Mathematics},
	Number = {1},
	Pages = {1--20},
	Title = {Bayesian image restoration, with two applications in spatial statistics},
	Volume = {43},
	Year = {1991}}

@article{Knight-Fu-2000,
	Author = {Keith Knight and Wenjiang Fu},
	Date-Added = {2014-12-08 02:00:31 +0000},
	Date-Modified = {2014-12-08 02:00:42 +0000},
	Journal = {Annals of Statistics},
	Number = {5},
	Pages = {1356--1378},
	Title = {Asymptotics for {L}asso-type estimators},
	Volume = {28},
	Year = {2000},
	Bdsk-File-1 = {YnBsaXN0MDDUAQIDBAUGJCVYJHZlcnNpb25YJG9iamVjdHNZJGFyY2hpdmVyVCR0b3ASAAGGoKgHCBMUFRYaIVUkbnVsbNMJCgsMDxJXTlMua2V5c1pOUy5vYmplY3RzViRjbGFzc6INDoACgAOiEBGABIAFgAdccmVsYXRpdmVQYXRoWWFsaWFzRGF0YV8QLC4uL3RoZXNpcy9yZWZlcmVuY2VzL3BkZnMvS25pZ2h0LUZ1LTIwMDAucGRm0hcLGBlXTlMuZGF0YU8RAboAAAAAAboAAgAADE1hY2ludG9zaCBIRAAAAAAAAAAAAAAAAAAAAM2WyMxIKwAAADfGxBJLbmlnaHQtRnUtMjAwMC5wZGYAAAAAAAAAAAAAAAAAAAAAAAAAAAAAAAAAAAAAAAAAAAAAAAAAAAAAAAAAAAAAf/cHz37AXwAAAAAAAAAAAAEABAAACSAAAAAAAAAAAAAAAAAAAAAEcGRmcwAQAAgAAM2XDxwAAAARAAgAAM9/Bq8AAAABABgAN8bEADfGwQA3tBEADpflAA4azQACDeMAAgBNTWFjaW50b3NoIEhEOlVzZXJzOgB3ZXNsZXk6AGdpdDoAdGhlc2lzOgByZWZlcmVuY2VzOgBwZGZzOgBLbmlnaHQtRnUtMjAwMC5wZGYAAA4AJgASAEsAbgBpAGcAaAB0AC0ARgB1AC0AMgAwADAAMAAuAHAAZABmAA8AGgAMAE0AYQBjAGkAbgB0AG8AcwBoACAASABEABIAOlVzZXJzL3dlc2xleS9naXQvdGhlc2lzL3JlZmVyZW5jZXMvcGRmcy9LbmlnaHQtRnUtMjAwMC5wZGYAEwABLwAAFQACAA3//wAAgAbSGxwdHlokY2xhc3NuYW1lWCRjbGFzc2VzXU5TTXV0YWJsZURhdGGjHR8gVk5TRGF0YVhOU09iamVjdNIbHCIjXE5TRGljdGlvbmFyeaIiIF8QD05TS2V5ZWRBcmNoaXZlctEmJ1Ryb290gAEACAARABoAIwAtADIANwBAAEYATQBVAGAAZwBqAGwAbgBxAHMAdQB3AIQAjgC9AMIAygKIAooCjwKaAqMCsQK1ArwCxQLKAtcC2gLsAu8C9AAAAAAAAAIBAAAAAAAAACgAAAAAAAAAAAAAAAAAAAL2}}

@article{Wang-Li-Huang-2008,
	Author = {Wang, Lifeng and Li, Hongzhe and Huang, Jianhua Z.},
	Date-Added = {2014-12-08 01:59:07 +0000},
	Date-Modified = {2014-12-08 01:59:46 +0000},
	Journal = {Journal of the American Statistical Association},
	Number = {484},
	Pages = {1556--1569},
	Title = {Variable Selection in Nonparametric Varying-Coefficient Models for Analysis of Repeated Measurements},
	Volume = {103},
	Year = {2008},
	Bdsk-File-1 = {YnBsaXN0MDDUAQIDBAUGJCVYJHZlcnNpb25YJG9iamVjdHNZJGFyY2hpdmVyVCR0b3ASAAGGoKgHCBMUFRYaIVUkbnVsbNMJCgsMDxJXTlMua2V5c1pOUy5vYmplY3RzViRjbGFzc6INDoACgAOiEBGABIAFgAdccmVsYXRpdmVQYXRoWWFsaWFzRGF0YV8QKC4uL3RoZXNpcy9yZWZlcmVuY2VzL3BkZnMvV2FuZy0yMDA4YS5wZGbSFwsYGVdOUy5kYXRhTxEBqgAAAAABqgACAAAMTWFjaW50b3NoIEhEAAAAAAAAAAAAAAAAAAAAzZbIzEgrAAAAN8bEDldhbmctMjAwOGEucGRmAAAAAAAAAAAAAAAAAAAAAAAAAAAAAAAAAAAAAAAAAAAAAAAAAAAAAAAAAAAAAAAAAAA3xvPOjBf2AAAAAAAAAAAAAQAEAAAJIAAAAAAAAAAAAAAAAAAAAARwZGZzABAACAAAzZcPHAAAABEACAAAzoxeRgAAAAEAGAA3xsQAN8bBADe0EQAOl+UADhrNAAIN4wACAElNYWNpbnRvc2ggSEQ6VXNlcnM6AHdlc2xleToAZ2l0OgB0aGVzaXM6AHJlZmVyZW5jZXM6AHBkZnM6AFdhbmctMjAwOGEucGRmAAAOAB4ADgBXAGEAbgBnAC0AMgAwADAAOABhAC4AcABkAGYADwAaAAwATQBhAGMAaQBuAHQAbwBzAGgAIABIAEQAEgA2VXNlcnMvd2VzbGV5L2dpdC90aGVzaXMvcmVmZXJlbmNlcy9wZGZzL1dhbmctMjAwOGEucGRmABMAAS8AABUAAgAN//8AAIAG0hscHR5aJGNsYXNzbmFtZVgkY2xhc3Nlc11OU011dGFibGVEYXRhox0fIFZOU0RhdGFYTlNPYmplY3TSGxwiI1xOU0RpY3Rpb25hcnmiIiBfEA9OU0tleWVkQXJjaGl2ZXLRJidUcm9vdIABAAgAEQAaACMALQAyADcAQABGAE0AVQBgAGcAagBsAG4AcQBzAHUAdwCEAI4AuQC+AMYCdAJ2AnsChgKPAp0CoQKoArECtgLDAsYC2ALbAuAAAAAAAAACAQAAAAAAAAAoAAAAAAAAAAAAAAAAAAAC4g==},
	Bdsk-Url-1 = {http://dx.doi.org/10.1198/016214508000000788},
	Bdsk-Url-2 = {http://pubs.amstat.org/doi/abs/10.1198/016214508000000788}}

@article{Wang-Xia-2009,
	Author = {Hansheng Wang and Yingcun Xia},
	Date-Added = {2014-12-08 01:55:46 +0000},
	Date-Modified = {2014-12-08 01:55:46 +0000},
	Journal = {Journal of the American Statistical Association},
	Pages = {747--757},
	Title = {Shrinkage estimation of the varying coefficient model},
	Volume = {104},
	Year = {2009},
	Bdsk-File-1 = {YnBsaXN0MDDUAQIDBAUGJCVYJHZlcnNpb25YJG9iamVjdHNZJGFyY2hpdmVyVCR0b3ASAAGGoKgHCBMUFRYaIVUkbnVsbNMJCgsMDxJXTlMua2V5c1pOUy5vYmplY3RzViRjbGFzc6INDoACgAOiEBGABIAFgAdccmVsYXRpdmVQYXRoWWFsaWFzRGF0YV8QKy4uL3RoZXNpcy9yZWZlcmVuY2VzL3BkZnMvV2FuZy1YaWEtMjAwOS5wZGbSFwsYGVdOUy5kYXRhTxEBtgAAAAABtgACAAAMTWFjaW50b3NoIEhEAAAAAAAAAAAAAAAAAAAAzZbIzEgrAAAAN8bEEVdhbmctWGlhLTIwMDkucGRmAAAAAAAAAAAAAAAAAAAAAAAAAAAAAAAAAAAAAAAAAAAAAAAAAAAAAAAAAAAAAADFjlLP7UcUAAAAAAAAAAAAAQAEAAAJIAAAAAAAAAAAAAAAAAAAAARwZGZzABAACAAAzZcPHAAAABEACAAAz+2NZAAAAAEAGAA3xsQAN8bBADe0EQAOl+UADhrNAAIN4wACAExNYWNpbnRvc2ggSEQ6VXNlcnM6AHdlc2xleToAZ2l0OgB0aGVzaXM6AHJlZmVyZW5jZXM6AHBkZnM6AFdhbmctWGlhLTIwMDkucGRmAA4AJAARAFcAYQBuAGcALQBYAGkAYQAtADIAMAAwADkALgBwAGQAZgAPABoADABNAGEAYwBpAG4AdABvAHMAaAAgAEgARAASADlVc2Vycy93ZXNsZXkvZ2l0L3RoZXNpcy9yZWZlcmVuY2VzL3BkZnMvV2FuZy1YaWEtMjAwOS5wZGYAABMAAS8AABUAAgAN//8AAIAG0hscHR5aJGNsYXNzbmFtZVgkY2xhc3Nlc11OU011dGFibGVEYXRhox0fIFZOU0RhdGFYTlNPYmplY3TSGxwiI1xOU0RpY3Rpb25hcnmiIiBfEA9OU0tleWVkQXJjaGl2ZXLRJidUcm9vdIABAAgAEQAaACMALQAyADcAQABGAE0AVQBgAGcAagBsAG4AcQBzAHUAdwCEAI4AvADBAMkCgwKFAooClQKeAqwCsAK3AsACxQLSAtUC5wLqAu8AAAAAAAACAQAAAAAAAAAoAAAAAAAAAAAAAAAAAAAC8Q==}}

@article{Wang-Leng-2008,
	Author = {Hansheng Wang and Chenlei Leng},
	Date-Added = {2014-12-08 01:55:13 +0000},
	Date-Modified = {2014-12-08 01:55:13 +0000},
	Journal = {Computational Statistics and Data Analysis},
	Pages = {5277--5286},
	Title = {A note on adaptive group {L}asso},
	Volume = {52},
	Year = {2008},
	Bdsk-File-1 = {YnBsaXN0MDDUAQIDBAUGJCVYJHZlcnNpb25YJG9iamVjdHNZJGFyY2hpdmVyVCR0b3ASAAGGoKgHCBMUFRYaIVUkbnVsbNMJCgsMDxJXTlMua2V5c1pOUy5vYmplY3RzViRjbGFzc6INDoACgAOiEBGABIAFgAdccmVsYXRpdmVQYXRoWWFsaWFzRGF0YV8QLC4uL3RoZXNpcy9yZWZlcmVuY2VzL3BkZnMvV2FuZy1MZW5nLTIwMDgucGRm0hcLGBlXTlMuZGF0YU8RAboAAAAAAboAAgAADE1hY2ludG9zaCBIRAAAAAAAAAAAAAAAAAAAAM2WyMxIKwAAADfGxBJXYW5nLUxlbmctMjAwOC5wZGYAAAAAAAAAAAAAAAAAAAAAAAAAAAAAAAAAAAAAAAAAAAAAAAAAAAAAAAAAAAAAWHUozw65MQAAAAAAAAAAAAEABAAACSAAAAAAAAAAAAAAAAAAAAAEcGRmcwAQAAgAAM2XDxwAAAARAAgAAM8PDZEAAAABABgAN8bEADfGwQA3tBEADpflAA4azQACDeMAAgBNTWFjaW50b3NoIEhEOlVzZXJzOgB3ZXNsZXk6AGdpdDoAdGhlc2lzOgByZWZlcmVuY2VzOgBwZGZzOgBXYW5nLUxlbmctMjAwOC5wZGYAAA4AJgASAFcAYQBuAGcALQBMAGUAbgBnAC0AMgAwADAAOAAuAHAAZABmAA8AGgAMAE0AYQBjAGkAbgB0AG8AcwBoACAASABEABIAOlVzZXJzL3dlc2xleS9naXQvdGhlc2lzL3JlZmVyZW5jZXMvcGRmcy9XYW5nLUxlbmctMjAwOC5wZGYAEwABLwAAFQACAA3//wAAgAbSGxwdHlokY2xhc3NuYW1lWCRjbGFzc2VzXU5TTXV0YWJsZURhdGGjHR8gVk5TRGF0YVhOU09iamVjdNIbHCIjXE5TRGljdGlvbmFyeaIiIF8QD05TS2V5ZWRBcmNoaXZlctEmJ1Ryb290gAEACAARABoAIwAtADIANwBAAEYATQBVAGAAZwBqAGwAbgBxAHMAdQB3AIQAjgC9AMIAygKIAooCjwKaAqMCsQK1ArwCxQLKAtcC2gLsAu8C9AAAAAAAAAIBAAAAAAAAACgAAAAAAAAAAAAAAAAAAAL2}}

@article{Hastie-Tibshirani-1993,
	Abstract = {We explore a class of regression and generalized regression models
	in which the coefficients are allowed to vary as smooth functions
	of other variables. General algorithms are presented for estimating
	the models flexibly and some examples are given. This class of models
	ties together generalized additive models and dynamic generalized
	linear models into one common framework. When applied to the proportional
	hazards model for survival data, this approach provides a new way
	of modelling departures from the proportional hazards assumption.},
	Author = {Hastie, Trevor and Tibshirani, Robert},
	Date-Added = {2014-12-08 01:53:47 +0000},
	Date-Modified = {2014-12-08 01:54:09 +0000},
	Journal = {Journal of the Royal Statistical Society Series B},
	Number = {4},
	Pages = {757--796},
	Title = {Varying-coefficient models},
	Volume = {55},
	Year = {1993},
	Bdsk-File-1 = {YnBsaXN0MDDUAQIDBAUGJCVYJHZlcnNpb25YJG9iamVjdHNZJGFyY2hpdmVyVCR0b3ASAAGGoKgHCBMUFRYaIVUkbnVsbNMJCgsMDxJXTlMua2V5c1pOUy5vYmplY3RzViRjbGFzc6INDoACgAOiEBGABIAFgAdccmVsYXRpdmVQYXRoWWFsaWFzRGF0YV8QNC4uL3RoZXNpcy9yZWZlcmVuY2VzL3BkZnMvSGFzdGllLVRpYnNoaXJhbmktMTk5My5wZGbSFwsYGVdOUy5kYXRhTxEB2gAAAAAB2gACAAAMTWFjaW50b3NoIEhEAAAAAAAAAAAAAAAAAAAAzZbIzEgrAAAAN8bEGkhhc3RpZS1UaWJzaGlyYW5pLTE5OTMucGRmAAAAAAAAAAAAAAAAAAAAAAAAAAAAAAAAAAAAAAAAAAAAAAAAAADoRWXQStPZAAAAAAAAAAAAAQAEAAAJIAAAAAAAAAAAAAAAAAAAAARwZGZzABAACAAAzZcPHAAAABEACAAA0EsaKQAAAAEAGAA3xsQAN8bBADe0EQAOl+UADhrNAAIN4wACAFVNYWNpbnRvc2ggSEQ6VXNlcnM6AHdlc2xleToAZ2l0OgB0aGVzaXM6AHJlZmVyZW5jZXM6AHBkZnM6AEhhc3RpZS1UaWJzaGlyYW5pLTE5OTMucGRmAAAOADYAGgBIAGEAcwB0AGkAZQAtAFQAaQBiAHMAaABpAHIAYQBuAGkALQAxADkAOQAzAC4AcABkAGYADwAaAAwATQBhAGMAaQBuAHQAbwBzAGgAIABIAEQAEgBCVXNlcnMvd2VzbGV5L2dpdC90aGVzaXMvcmVmZXJlbmNlcy9wZGZzL0hhc3RpZS1UaWJzaGlyYW5pLTE5OTMucGRmABMAAS8AABUAAgAN//8AAIAG0hscHR5aJGNsYXNzbmFtZVgkY2xhc3Nlc11OU011dGFibGVEYXRhox0fIFZOU0RhdGFYTlNPYmplY3TSGxwiI1xOU0RpY3Rpb25hcnmiIiBfEA9OU0tleWVkQXJjaGl2ZXLRJidUcm9vdIABAAgAEQAaACMALQAyADcAQABGAE0AVQBgAGcAagBsAG4AcQBzAHUAdwCEAI4AxQDKANICsAKyArcCwgLLAtkC3QLkAu0C8gL/AwIDFAMXAxwAAAAAAAACAQAAAAAAAAAoAAAAAAAAAAAAAAAAAAADHg==},
	Bdsk-Url-1 = {http://www.jstor.org/stable/2345993}}

@article{Fan-Zhang-1999,
	Author = {Jianqing Fan and Wenyang Zhang},
	Date-Added = {2014-12-08 01:53:12 +0000},
	Date-Modified = {2014-12-08 01:53:30 +0000},
	Journal = {Annals of Statistics},
	Keywords = {Varying coefficient models; local linear fit; optimal rate of convergence; mean-squared errors},
	Number = {5},
	Pages = {1491--1518},
	Title = {Statistical estimation in varying coefficient models},
	Volume = {27},
	Year = {1999},
	Bdsk-File-1 = {YnBsaXN0MDDUAQIDBAUGJCVYJHZlcnNpb25YJG9iamVjdHNZJGFyY2hpdmVyVCR0b3ASAAGGoKgHCBMUFRYaIVUkbnVsbNMJCgsMDxJXTlMua2V5c1pOUy5vYmplY3RzViRjbGFzc6INDoACgAOiEBGABIAFgAdccmVsYXRpdmVQYXRoWWFsaWFzRGF0YV8QLC4uL3RoZXNpcy9yZWZlcmVuY2VzL3BkZnMvRmFuLVpoYW5nLTE5OTkucGRm0hcLGBlXTlMuZGF0YU8RAboAAAAAAboAAgAADE1hY2ludG9zaCBIRAAAAAAAAAAAAAAAAAAAAM2WyMxIKwAAADfGxBJGYW4tWmhhbmctMTk5OS5wZGYAAAAAAAAAAAAAAAAAAAAAAAAAAAAAAAAAAAAAAAAAAAAAAAAAAAAAAAAAAAAAN8bTzowX8wAAAAAAAAAAAAEABAAACSAAAAAAAAAAAAAAAAAAAAAEcGRmcwAQAAgAAM2XDxwAAAARAAgAAM6MXkMAAAABABgAN8bEADfGwQA3tBEADpflAA4azQACDeMAAgBNTWFjaW50b3NoIEhEOlVzZXJzOgB3ZXNsZXk6AGdpdDoAdGhlc2lzOgByZWZlcmVuY2VzOgBwZGZzOgBGYW4tWmhhbmctMTk5OS5wZGYAAA4AJgASAEYAYQBuAC0AWgBoAGEAbgBnAC0AMQA5ADkAOQAuAHAAZABmAA8AGgAMAE0AYQBjAGkAbgB0AG8AcwBoACAASABEABIAOlVzZXJzL3dlc2xleS9naXQvdGhlc2lzL3JlZmVyZW5jZXMvcGRmcy9GYW4tWmhhbmctMTk5OS5wZGYAEwABLwAAFQACAA3//wAAgAbSGxwdHlokY2xhc3NuYW1lWCRjbGFzc2VzXU5TTXV0YWJsZURhdGGjHR8gVk5TRGF0YVhOU09iamVjdNIbHCIjXE5TRGljdGlvbmFyeaIiIF8QD05TS2V5ZWRBcmNoaXZlctEmJ1Ryb290gAEACAARABoAIwAtADIANwBAAEYATQBVAGAAZwBqAGwAbgBxAHMAdQB3AIQAjgC9AMIAygKIAooCjwKaAqMCsQK1ArwCxQLKAtcC2gLsAu8C9AAAAAAAAAIBAAAAAAAAACgAAAAAAAAAAAAAAAAAAAL2}}

@book{Fan-Gijbels-1996,
	Author = {Jianqing Fan and Irene Gijbels},
	Date-Added = {2014-12-08 01:50:55 +0000},
	Date-Modified = {2014-12-08 01:52:20 +0000},
	Publisher = {Chapman and Hall, London},
	Title = {Local Polynomial Modeling and its Applications},
	Year = {1996}}

@article{Paciorek-2010,
	Author = {Christopher J. Paciorek},
	Date-Added = {2014-12-08 01:49:06 +0000},
	Date-Modified = {2014-12-08 01:50:11 +0000},
	Journal = {Statistical Science},
	Number = {1},
	Pages = {107--125},
	Title = {The Importance of Scale for Spatial-Confounding Bias and Precision of Spatial Regression Estimators},
	Volume = {25},
	Year = {2010}}

@article{Reich-Hodges-2011,
	Author = {James S. Hodges and Brian J. Reich},
	Date-Added = {2014-12-08 01:47:56 +0000},
	Date-Modified = {2014-12-08 01:49:04 +0000},
	Journal = {The American Statistician},
	Number = {4},
	Pages = {325--334},
	Title = {Adding Spatially-Correlated Errors Can Mess Up the Fixed Effect You Love},
	Volume = {64},
	Year = {2011}}
